%
%  all-biblatex.bib  2022-10-05  Mark Senn  http://bit.ly/marksenn
%
%  This is an example BibLaTeX data file.
%
%  BibLaTeX documentation is at
%  https://mirror.math.princeton.edu/pub/CTAN/macros/latex/contrib/biblatex/doc/biblatex.pdf
%
%  BibTeX documentation is at
%  https://ctan.math.utah.edu/ctan/tex-archive/biblio/bibtex/base/btxdoc.pdf
%
%                          ENTRY TYPES
%  ============================================================
%  BibLaTeX          BibTeX           Comment
%  -------------     -----------      -------------------------
%  article           article
%  artwork
%  audio
%  book              book
%  bookinbook
%  booklet           booklet
%  collection
%  commentary
%  conference[*]     conference       [*] same as inproceedings
%  custom[a-f]
%  dataset
%  electronic[*]                      [*] same as online
%  image
%  inbook            inbook
%  incollection      incollection
%  inproceedings     inproceedings
%  inreference
%  jurisdiction
%  legal
%  legislation
%  letter
%  manual            manual
%  mastersthesis     mastersthesis
%  misc              misc
%  movie
%  music
%  mvbook
%  mvcollection
%  mvproceedings
%  mvreference
%  online
%  patent
%  performance
%  periodical
%  phdthesis         phdthesis
%  proceedings       proceedings
%  reference
%  report
%  review
%  set
%  software
%  standard
%  suppbook
%  suppcollection
%  suppperiodical
%  techreport        techreport
%  thesis
%  unpublished       unpublished
%  video
%  www[*]                             [*] same as online
%  xdata
%
%
%                               FIELDS
%  =================================================================
%  BibLaTeX             BibTeX         Comment
%  --------             -----------    -----------------------------
%
%  abstract
%  addendum
%  address[*]           address        [*] an alias for location
%  afterword
%  annotation
%  annote[*]            annote         [*] an alias for annotation
%  annotator
%  archiveprefix[*]                    [*] an alias for eprinttype
%  author               author
%  authortype
%  bookauthor
%  bookpagination
%  booksubtitle
%  booktitle            booktitle
%  booktitleaddon
%                       chapter
%  commentator
%  crossref             crossref
%  date
%  doi
%  edition              edition
%  editor               editor
%  editora
%  editorb
%  editorc
%  editortype
%  editoratype
%  editorbtype
%  editorctype
%  eid
%  entryset
%  entrysubtype
%  eprint
%  eprintclass
%  eprinttype
%  eventdate
%  eventtitle
%  eventtitleaddon
%  execute
%  file
%  foreward
%  gender
%  holder
%  howpublished         howpublished
%  indextitle
%  ids
%  indexsorttitle
%  institution          institution
%  introduction
%  isan
%  isbn
%  ismn
%  isrn
%  issn
%  issue
%  issuesubtitle
%  issuetitle
%  issuetitleaddon
%  iswc
%  journal[*]           journal        [*] an alias for journaltitle
%  journalsubtitle
%  journaltitle
%  journaltitleaddon
%  key                  key            [*] an alias for sortkey
%  keywords
%  label
%  langid
%  language
%  langidopts
%  library
%  list[a-f]
%  location
%  mainsubtitle
%  maintitle
%  maintitleaddon
%  month                month
%  name[a-c]
%  name[a-c]type
%  nameaddon
%  note                 note
%  number               number
%  options
%  organization         organization
%  origdate
%  origlanguage
%  origlocation
%  origpublisher
%  origtitle
%  pages                pages
%  pagetotal
%  part
%  pdf                                 [*] an alias for file
%  presort
%  primaryclass[*]                     [*] an alias for eprintclass
%  publisher            publisher
%  pubstate
%  related
%  relatedoptions
%  relatedstring
%  relatedtype
%  reprinttitle
%  school[*]            school         [*] an alias for institution
%  series               series
%  shortauthor
%  shorteditor
%  shorthand
%  shorthandintro
%  shortjournal
%  shortseries
%  shorttitle
%  sortkey
%  sortname
%  sortshorthand
%  sorttitle
%  sortyear
%  title                title
%  titleaddon
%  translator
%  type                 type
%  url
%  urldate
%  user[a-f]
%  venue
%  verb[a-c]
%  version
%  volume               volume
%  volumes
%  xdata
%  xref
%  year                 year



%  I like to order the entries by author, and within author by date.
%  If, for example, I later added a second 1994 publication for Goossens,
%  I would give it the key, "goossens1994b".
%
%  From http://isbn.org/about_ISBN_standard
%      For more than thirty years, ISBNs were 10 digits long.
%      On January 1, 2007 the ISBN system switched to a 13-digit
%      format.  Now all ISBNs are 13-digits long.
%
%  The apa7-<number> references are from the _Publication Manual
%  of the American Psychological Association_, 7th edition,
%  pages 317--352.
%

@article{bib:Cousins:2009kz,
      author         = "Cousins, Robert D. and Hymes, Kathryn E. and Tucker,
                        Jordan",
      title          = "{Frequentist evaluation of intervals estimated for a
                        binomial parameter and for the ratio of Poisson means}",
      journal        = "Nucl. Instrum. Meth.",
      volume         = "A612",
      year           = "2010",
      pages          = "388-398",
      doi            = "10.1016/j.nima.2009.10.156",
      eprint         = "0905.3831",
      archivePrefix  = "arXiv",
      primaryClass   = "physics.data-an"      
}

@article{bib:10.2307/2531405,
      ISSN = {0006341X, 15410420},
      URL = {http://www.jstor.org/stable/2531405},
      abstract = {A method is proposed for obtaining approximate confidence intervals for the ratio of two binomial proportions based on two independent binomially distributed random variables. This method is compared with the one recommended by Katz et al. (1978). The new method, unlike the method of Katz et al., is always consistent with Pearson's chi square test of 2 x 2 tables.},
      author = {P. A. R. Koopman},
      journal = {Biometrics},
      number = {2},
      pages = {513--517},
      publisher = {[Wiley, International Biometric Society]},
      title = {Confidence Intervals for the Ratio of Two Binomial Proportions},
      volume = {40},
      year = {1984}
}

@article{bib:PDG,
    author = "Workman, R. L. and Others",
    collaboration = "Particle Data Group",
    title = "{Review of Particle Physics}",
    doi = "10.1093/ptep/ptac097",
    journal = "PTEP",
    volume = "2022",
    pages = "083C01",
    year = "2022"
}


















%!!!! Change when the new biber and biblatex are available.
% From page 36 of
% https://tex.stackexchange.com/questions/224617/what-is-the-correct-way-to-handle-approximate-dates-in-biblatex
%     Use "date = {1723~}" for circa 1723.
@online{thesis-and-dissertation-office-resources,
    author   = {{Thesis and Dessertation Office}},
    date     = {2020},
    note     = {Click on ``Menu'',
                then click on ``RESOURCES'',
                and then click on ``Formatting Guidelines and Deposit Procedures''
                or ``TEMPLATES''.},
    title    = {Resources},
    url      = {https://www.purdue.edu/gradschool/research/thesis/},
    urldate  = {2022-02-10},
}

@software{template1,
    address   = {{The Graduate School, Purdue University}},
    author    = {{Thesis and Dissertation Office}},
date      = {2020},
    publisher = {The Graduate School, Purdue University},
    title     = {{Template-One.docx {Microsoft Word} thesis template}},
    url       = {https://purdue.edu/gradschool/documents/thesis/Template-One.docx},
urldate   = {2022-02-13},
}

@software{template2,
    address   = {{The Graduate School, Purdue University}},
    author    = {{Thesis and Dissertation Office}},
date      = {2020},
    publisher = {The Graduate School, Purdue University},
    title     = {{Template-Two.docx {Microsoft Word} thesis template}},
    url       = {https://purdue.edu/gradschool/documents/thesis/Template-Two.docx},
urldate   = {2020-08-27},
}

@software{template3,
    address   = {{The Graduate School, Purdue University}},
    author    = {{Thesis and Dissertation Office}},
date      = {2020},
    publisher = {The Graduate School, Purdue University},
    title     = {{Template-Three.docx {Microsoft Word} thesis template}},
    url       = {https://purdue.edu/gradschool/documents/thesis/Template-Three.docx},
urldate   = {2020-08-27},
}

@misc{thesis2017,
    addendum = {Parts of this are out of date},
    address  = {{The Graduate School, Purdue University}},
    author   = {{Thesis and Dissertation Office}},
date     = {2017-08-30},
    edition  = {8},
    title    = {A Manual for the Preparation of Graduate Theses},
    url      = {https://www.purdue.edu/gradschool/documents/thesis/graduate-thesis-manual.pdf},
urldate  = {2021-11-30},
}

@misc{thesis2020,
    author  = {{Thesis and Dissertation Office, The Graduate School, Purdue University}},
    date    = {2020-02-17},
    title   = {{Microsoft Word} Templates},
    url     = {https://www.purdue.edu/gradschool/research/thesis/templates.html#accordian},
urldate = {2021-04-13},
}

